@phdthesis{Werner00,
  author    = {Matthias Werner},
  title     = {Responsivit{\"{a}}t: ein konsensbasierter Ansatz},
  school    = {Humboldt University of Berlin, Unter den Linden, Germany},
  year      = {2000},
  url       = {http://d-nb.info/95983494X},
  isbn      = {978-3-89811-924-5},
  timestamp = {Thu, 19 Jan 2017 11:52:50 +0100},
  biburl    = {http://dblp.uni-trier.de/rec/bib/phd/dnb/Werner00},
  bibsource = {dblp computer science bibliography, http://dblp.org}
}

% nicht benutzt
@INPROCEEDINGS{6274802,
	author={W. Hu and Z. Qu and X. Zhang},
	booktitle={2012 Fifth International Joint Conference on Computational Sciences and Optimization},
	title={A New Approach of Mechanics Simulation Based on Game Engine},
	year={2012},
	pages={619-622},
	keywords={computer graphics;digital simulation;mechanical engineering computing;physics computing;computer simulation;game engine;mechanical device simulation;mechanics apparatus;method-mechanics simulation;physics engine;physics laws;real mechanics experiments;Computational modeling;Engines;Fasteners;Games;Joints;Physics;Solid modeling;game engine;mechanical devices;mechanics simulation;physics engine},
	doi={10.1109/CSO.2012.141},
	month={June},
}

% nicht benutzt
@INPROCEEDINGS{6295169,
	author={J. Xie},
	booktitle={2012 7th International Conference on Computer Science Education (ICCSE)},
	title={Research on key technologies base Unity3D game engine},
	year={2012},
	pages={695-699},
	keywords={computer games;software engineering;Unity3D game engine;event driven model;game development core;key technologies;shooting algorithm;Analytical models;Androids;Cameras;Engines;Games;Humanoid robots;Mice;NPC algorithm;Unity3D;game engine;shooting algorithm},
	doi={10.1109/ICCSE.2012.6295169},
	month={July},
}

@misc{wiki:unity,
	organization={Wikipedia}
	title={Unity (Game Engine)},
	url={https://en.wikipedia.org/wiki/Unity_(game_engine)},
	urldate = "2017-06-13",
	note="(besucht 2017-06-13)"
}

@misc{richling-ass,
	author={J. Richling},
	title={Ausfallsichere System Sommersemster 2016}
}

@article{efficent-consens,
	title = "An efficient algorithm for byzantine agreement without authentication",
	journal = "Information and Control",
	volume = "52",
	number = "3",
	pages = "257 - 274",
	year = "1982",
	note = "",
	issn = "0019-9958",
	doi = "http://dx.doi.org/10.1016/S0019-9958(82)90776-8",
	url = "http://www.sciencedirect.com/science/article/pii/S0019995882907768",
	author = "Danny Dolev and Michael J. Fischer and Rob Fowler and Nancy A. Lynch and H. Raymond Strong",
}
